@misc {
  RFC2616,
  author = "R. Fielding and J. Gettys and J. Mogul and H. Frystyk and L. Masinter and P. Leach and T. Berners-Lee",
  title = "{RFC} 2616. {H}ypertext {T}ransfer {P}rotocol --- {HTTP}/1.1",
  howpublished = "Website",
  year = {1999},
  note = "\url{http://www.w3.org/Protocols/rfc2616/rfc2616.html}"
}

@misc {
  ComplementProject,
  author = "Petr Ovtchenkov",
  title = "``{C}omplement'' project",
  howpublished = "Website",
  year = {2007},
  note = "\url{http://complement.sourceforge.net}"
}

@misc {
  BoostProject:filesystem,
  author = "Beman Dawes",
  title = "``{B}oost'', {F}ilesystem",
  howpublished = "Website",
  year = {2005},
  note = "\url{http://www.boost.org/libs/filesystem/doc/index.htm}"
}

@misc {
  BoostProject:programoptions,
  author = "Vladimir Prus",
  title = "``{B}oost'', {P}rogram {O}ptions",
  howpublished = "Website",
  year = {2004},
  note = "\url{http://www.boost.org/doc/html/program_options.html}"
}

@misc {
  BoostProject:regex,
  author = "John Maddock",
  title = "``{B}oost'', {R}eg{E}x",
  howpublished = "Website",
  year = {2004},
  note = "\url{http://www.boost.org/libs/regex/doc/index.html}"
}

@misc {
  BoostProject:testutf,
  author = "Gennadiy Rozental",
  title = "``{B}oost'', {U}nit {T}est {F}ramework",
  howpublished = "Website",
  year = {2005},
  note = "\url{http://www.boost.org/libs/test/doc/components/utf/index.html}"
}

@misc {
  STLportProject,
  author = "Boris Fomitchev and Francois Dumont and Petr Ovtchenkov",
  title = "{STL}port",
  howpublished = "Website",
  year = {2006},
  note = "\url{http://stlport.sourceforge.net}"
}
