@misc {
  RFC2616,
  author = "R. Fielding and J. Gettys and J. Mogul and H. Frystyk and L. Masinter and P. Leach and T. Berners-Lee",
  title = "{RFC} 2616. {H}ypertext {T}ransfer {P}rotocol --- {HTTP}/1.1",
  howpublished = "Website",
  year = {1999},
  note = "\url{http://www.w3.org/Protocols/rfc2616/rfc2616.html}"
}

@misc {
  RFC2821,
  author = "J. Klensin (editor)",
  title = "{RFC} 2821. {S}imple {M}ail {T}ransfer {P}rotocol",
  howpublished = "Website",
  year = {2001},
  note = "\url{http://www.ietf.org/rfc/rfc2821.txt}"
}

@misc {
  RFC1939,
  author = "J. Myers and M. Rose",
  title = "{RFC} 1939. {P}ost {O}ffice {P}rotocol --- {V}ersion 3",
  howpublished = "Website",
  year = {1996},
  note = "\url{http://www.ietf.org/rfc/rfc1939.txt}"
}

@misc {
  ActiveDiscPaxos,
  author = "Gregory Chockler and Dahlia Malkhi",
  title = "{A}ctive {D}isk {P}axos with infinitly many processes",
  howpublished = "{PODC} 2002, {J}uly 21-24, 2002, {M}onterey, {C}alifornia, {USA}",
  year = {2002},
  note = "\url{http://delivery.acm.org/10.1145/580000/571837/p78-chockler.pdf?key1=571837&key2=2214575711&coll=&dl=acm&CFID=15151515&CFTOKEN=6184618}"
}

@misc {
  DataCentric,
  author = "Gregory Chockler and Dahlia Malkhi and Danny Dolev",
  title = "{A} {D}ata-{C}entric {A}pproach for {S}calable {S}tate {M}achine {R}eplication",
  howpublished = "Website",
  year = {2002},
  note = "\url{http://www.cs.huji.ac.il/~dolev/pubs/fudico02.ps}"
}

@misc {
  AquariusDataCentric,
  author = "Gregory Chockler and Dahlia Malkhi and Barak Merimovich and David Rabinowitz",
  title = "{A}quarius: {A} {D}ata-{C}entric approach to {CORBA} {F}ault-{T}olerance",
  howpublished = "Website",
  year = {2003},
  note = "\url{http://www.cs.huji.ac.il/labs/danss/aquarius/DOA03.pdf}"
}

@misc {
  MarketFailure,
  author = "Ken Birman and Coimbatore Chandersekaran and Danny Dolev and Robbert van Renesse",
  title = "{H}ow the {H}idden {H}and {S}hapes the {M}arket for {S}oftware {R}eiliability",
  howpublished = "{S}ubmision to: 1st {W}orkshop on {A}pplied {S}oftware {R}eliablity",
  year = {2006},
  month = {June},
  note = "\url{http://www.cs.huji.ac.il/~dolev/pubs/MarketFailure.pdf}"
}

@misc {
  PaxosMadePractical,
  author = "David Mazi{\'e}res",
  title = "{P}axos {M}ade {P}ractical",
  howpublished = "Websie",
  year = {2007},
  note = "\url{http://www.news.cs.nyu.edu/~jinyang/sp07/papers/paxos.pdf}"
}

@misc {
  GFS,
  author = "Sanjay Ghemawat and Howard Gobioff and Shun-Tak Leung",
  title = "{T}he {G}oogle {F}ile {S}ystem",
  howpublished = "{SOSP'03}, {O}ctober 19-22, 2003, {B}olton {L}anding, {N}ew {Y}ork, {USA}",
  year = {2003},
  note = "\url{http://labs.google.com/papers/gfs-sosp2003.pdf}"
}

@misc {
  MapReduce,
  author = "Jeffrey Dean and Sanjay Ghemawat",
  title = "{M}ap{R}educe: {S}implified {D}ata {P}rocessing on {L}arge {C}lasters",
  howpublished = "To appear in {OSDI} 2004",
  year = {2004},
  note = "\url{http://labs.google.com/papers/mapreduce-osdi04.pdf}"
}

@misc {
  GeneralizedConsensus,
  author = "Leslie Lamport",
  title = "{G}eneralized {C}onsesnsus and {P}axos",
  howpublished = "Website",
  year = {2005},
  note = "\url{ftp://ftp.research.microsoft.com/pub/tr/TR-2005-33.pdf}"
}

@misc {
  SprintPrimaryBackup,
  author = "L{\'a}saro Camargos and Fernando Pedone and Rodrigo Schmidt",
  title = "{A} {P}rimary-{B}ackup {P}rotocol for {I}n-{M}emory {D}atabase {R}eplication",
  howpublished = "5th {IEEE} {I}nternational {S}ymposium on {N}etwork {C}omputing and {A}pplications ({NCA'2006})",
  year = {2006},
  note = "\url{http://www.inf.unisi.ch/faculty/pedone/Paper/2006/2006NCA.pdf}"
}

@misc {
  SprintConsensus,
  author = "L{\'a}saro Camargos and Edmundo R. M. Madeira1 and Fernando Pedone",
  title = "{O}ptimal and {P}ractical {WAB}-{B}ased {C}onsensus {A}lgorithms",
  howpublished = "12th {E}uropean {C}onference on {P}arallel {C}omputing ({EuroPar'2006})",
  year = {2006},
  note = "\url{http://www.inf.unisi.ch/faculty/pedone/Paper/2006/2006EUROPAR.pdf}"
}

@misc {
  EightFallacies,
  author = "Peter Deutsch and James Gosling",
  title = "{P}eter {D}eutsch's {E}ight {F}allacies of {D}istributed {C}omputing",
  howpublished = "Web",
  year = {2001},
  note = "\url{http://www.decillion.us/dmax/Fallacies.html}"
}

@book {
  NDCFF,
  title = "{N}etwork {D}istributed {C}omputing: {F}itscapes and {F}allacies",
  author = "Max K. Goff",
  publisher = "Prentice Hall",
  year = {2004},
  month = {April},
  isbn-10 = "0-13-100152-3",
  isbn-13 = "978-0-13-100152-7"
}

@article {
  BimodalMulticast,
  author = "Kenneth P. Birman and Mark Hayden and Oznur Ozkasap and Zhen Xiao and Mihai Budiu and Yaron Minsky",
  title = "{B}imodal {M}ulticast",
  journal = "{ACM} {T}ransactions on {C}omputer {S}ystems",
  year = {1999},
  volume = {17},
  number = {2},
  pages = {41--88},
  month = "May",
  note = "\url{http://www.cs.cornell.edu/ken/bimodal.pdf}"
}

@article {
  Paxos,
  author = "Leslie Lamport",
  title = "{T}he {P}art-{T}ime {P}arliament",
  journal = "{ACM} {T}ransactions on {C}omputer {S}ystems",
  year = {1998},
  volume = {16},
  number = {2},
  pages = {133--169},
  month = "May",
  note = "\url{http://research.microsoft.com/users/lamport/pubs/lamport-paxos.pdf}"
}

@article {
  LamportClocks,
  author = "Leslie Lamport",
  title = "{T}ime, {C}locks, and the {O}rdering of {E}vents in a {D}istributed {S}ystem",
  journal = "{C}ommunications of the {ACM}",
  year = {1978},
  volume = {21},
  number = {7},
  pages = {558--565},
  month = "July",
  note = "\url{http://research.microsoft.com/users/lamport/pubs/time-clocks.pdf}"
}

@misc {
  MSPaxos,
  author = "Vilmos Bilicki and J{\'o}zsef D{\'a}niel Dombi",
  title = "{B}uilding a framework for the consistency management of distributed applications",
  howpublished = ".NET Technologies 2006",
  year = {2006},
  note = "\url{http://www.inf.u-szeged.hu/~bilickiv/research/consistence/dombi-bilickiv-2006.pdf}"
}

